@incollection{Pomerance1985,
	year={1985},
	isbn={978-3-540-16076-2},
	booktitle={Advances in Cryptology},
	volume={209},
	series={Lecture Notes in Computer Science},
	editor={Beth, Thomas and Cot, Norbert and Ingemarsson, Ingemar},
	doi={10.1007/3-540-39757-4_17},
	title={The Quadratic Sieve Factoring Algorithm},
	url={http://dx.doi.org/10.1007/3-540-39757-4_17},
	publisher={Springer Berlin Heidelberg},
	author={Pomerance, Carl},
	pages={169-182},
	language={English}
}
@incollection{PomeranceNotes,
	year={1985},
	isbn={978-3-540-16076-2},
	booktitle={Advances in Cryptology},
	volume={209},
	series={Lecture Notes in Computer Science},
	editor={Beth, Thomas and Cot, Norbert and Ingemarsson, Ingemar},
	doi={10.1007/3-540-39757-4_17},
	title={The Quadratic Sieve Factoring Algorithm},
	url={http://dx.doi.org/10.1007/3-540-39757-4_17},
	publisher={Springer Berlin Heidelberg},
	author={Pomerance, Carl},
	pages={169-182},
	language={English}
}
@INPROCEEDINGS{Pomerance05smoothnumbers,
    author = {Carl Pomerance},
    title = {Smooth numbers and the quadratic sieve},
    booktitle = {in [Buhler and Stevenhagen 2007]. Citations in this document: ยง5},
    year = {2005},
    publisher = {University Press}
}

@book{Hardy2008,
	title={An Introduction to the Theory of Numbers},
	author={Hardy, G.H. and Wright, E.M. and Heath-Brown, D.R. and Silverman, J.},
	isbn={9780199219865},
	lccn={2008279092},
	series={Oxford mathematics},
	url={http://books.google.se/books?id=rey9wfSaJ9EC},
	year={2008},
	publisher={OUP Oxford}
}
@misc{avalg,
	title={Notes for the course advanced algorithms},
	author={Hastad, Johan},
	url={http://www.csc.kth.se/utbildning/kth/kurser/DD2440/avalg07/algnotes.pdf},
	year={2000}
}
@misc{Brent,
	title={Brent's Factorization Method},
	author={Weissteinm Eric W.},
	url={http://mathworld.wolfram.com/BrentsFactorizationMethod.html},
}

@misc{miller,
	title={Miller-Rabin Strong Pseudoprime Test},
	author={Weissteinm Eric W.},
	url={http://mathworld.wolfram.com/Rabin-MillerStrongPseudoprimeTest.html},
}

